%% This BibTeX bibliography file was created using BibDesk.
%% http://bibdesk.sourceforge.net/


%% Created for keisuke at 2016-05-26 15:02:20 +0900 


%% Saved with string encoding Unicode (UTF-8) 



@article{GTC-P2,
	Author = {Wang, Bei and Ethier, Stephane and Tang, William and Williams, Timothy and Ibrahim, Khaled Z. and Madduri, Kamesh and Williams, Samuel and Oliker, Leonid},
	Date-Modified = {2016-03-17 11:37:00 +0000},
	Doi = {10.1145/2503210.2503258},
	Journal = {Proceedings of the International Conference on High Performance Computing, Networking, Storage and Analysis,},
	Pages = {82:1--82:12},
	Title = {Kinetic Turbulence Simulations at Extreme Scale on Leadership-class Systems},
	Volume = {Denver,},
	Year = {2013},
	Bdsk-Url-1 = {http://doi.acm.org/10.1145/2503210.2503258},
	Bdsk-Url-2 = {http://dx.doi.org/10.1145/2503210.2503258}}

@misc{CHAPEL,
	Date-Added = {2016-03-13 09:20:09 +0000},
	Date-Modified = {2016-03-18 03:44:09 +0000},
	Howpublished = {http:{\slash}{\slash}chapel.cray.com{\slash}spec{\slash}spec-0.98.pdf, 2015},
	Title = {{Cray Inc, C}hapel Language Specification Version 0.98},
	Year = {accessed 16.03.09}}

@article{SLOC,
	Author = {Andrew Stone and John Dennis and Michelle Strout},
	Date-Added = {2016-03-12 09:05:48 +0000},
	Date-Modified = {2016-03-12 09:09:23 +0000},
	Journal = {Proceedings of 5th International Conference on PGAS Programming Models,},
	Pages = {1--10},
	Title = {Evaluating Coarray Fortran with the CGPOP Miniapp},
	Volume = {Texas,},
	Year = {2011}}

@article{HYBRID,
	Author = {Tsugane, K. and Nuga, H. and Boku, T. and Murai, H. and Sato, M. and Tang, W. and Bei Wang},
	Date-Modified = {2016-03-09 12:50:47 +0000},
	Doi = {10.1109/PADSW.2014.7097864},
	Journal = {Proceedings of the 20th IEEE International Conference on Parallel and Distributed Systems (ICPADS),},
	Month = {Dec},
	Pages = {640--647},
	Title = {Hybrid-view programming of nuclear fusion simulation code in the PGAS parallel programming language XcalableMP},
	Volume = {Hsinchu,},
	Year = {2014},
	Bdsk-Url-1 = {http://dx.doi.org/10.1109/PADSW.2014.7097864}}

@book{HPF,
	Author = {Koelbel, Charles H. and Zosel, Mary E.},
	Date-Modified = {2016-03-18 03:45:26 +0000},
	Publisher = {MIT Press},
	Title = {The high performance fortran handbook},
	Volume = {Cambridge},
	Year = {(1993)}}

@article{X10,
	Author = {Charles, Philippe and Grothoff, Christian and Saraswat, Vijay and Donawa, Christopher and Kielstra, Allan and Ebcioglu, Kemal and von Praun, Christoph and Sarkar, Vivek},
	Date-Modified = {2016-03-09 12:40:07 +0000},
	Doi = {10.1145/1094811.1094852},
	Journal = {Proceedings of the 20th Annual ACM SIGPLAN Conference on Object-oriented Programming, Systems, Languages, and Applications (OOPSLA),},
	Pages = {519--538},
	Title = {X10: An Object-oriented Approach to Non-uniform Cluster Computing},
	Volume = {New York,},
	Year = {2005},
	Bdsk-Url-1 = {http://dx.doi.org/10.1145/1094811.1094852}}

@article{MANY-GTC,
	Author = {Madduri, Kamesh and Ibrahim, Khaled Z. and Williams, Samuel and Im, Eun-Jin and Ethier, Stephane and Shalf, John and Oliker, Leonid},
	Date-Modified = {2016-03-09 12:56:22 +0000},
	Doi = {10.1145/2063384.2063415},
	Journal = {Proceedings of 2011 International Conference for High Performance Computing, Networking, Storage and Analysis (SC),},
	Pages = {23:1--23:12},
	Title = {Gyrokinetic Toroidal Simulations on Leading Multi- and Manycore HPC Systems},
	Volume = {Seattle,},
	Year = {2011},
	Bdsk-Url-1 = {http://dx.doi.org/10.1145/2063384.2063415}}

@article{PHI-GTC,
	Author = {Liao, Xiangke and Xiao, Liquan and Yang, Canqun and Lu, Yutong},
	Date-Modified = {2016-03-09 12:52:51 +0000},
	Doi = {10.1007/s11704-014-3501-3},
	Journal = {Frontiers of Computer Science,},
	Pages = {345--356},
	Title = {MilkyWay-2 supercomputer: system and application},
	Volume = {Vol. 8, No. 3,},
	Year = {2014},
	Bdsk-Url-1 = {http://dx.doi.org/10.1007/s11704-014-3501-3}}

@article{HPF-PIC,
	Author = {H. Sakagami and T. Mizuno},
	Date-Modified = {2016-03-09 13:02:54 +0000},
	Doi = {10.1002/cpe.644},
	Journal = {Concurrency and Computation: Practice and Experience,},
	Pages = {555--573},
	Title = {Compatibility comparison and performance evaluation for Japanese HPF compilers using scientific applications},
	Volume = {Vol. 27,},
	Year = {2002},
	Bdsk-Url-1 = {http://dx.doi.org/10.1002/cpe.644}}

@article{CAF-GTC,
	Author = {Preissl, R. and Wichmann, N. and Long, B. and Shalf, J. and Ethier, S. and Koniges, A.},
	Date-Modified = {2016-03-09 13:14:54 +0000},
	Doi = {10.1145/2063384.2071033},
	Journal = {Proceedings of 2011 International Conference for High Performance Computing, Networking, Storage and Analysis (SC),},
	Pages = {78:1--78:11},
	Title = {Multithreaded global address space communication techniques for Gyrokinetic fusion applications on ultra-scale platforms},
	Volume = {Seattle,},
	Year = {2011},
	Bdsk-Url-1 = {http://dx.doi.org/10.1145/2063384.2071033}}

@article{XACC,
	Author = {Nakao, Masahiro and Murai, Hitoshi and Shimosaka, Takenori and Tabuchi, Akihiro and Hanawa, Toshihiro and Kodama, Yuetsu and Boku, Taisuke and Sato, Mitsuhisa},
	Date-Modified = {2016-03-09 13:37:52 +0000},
	Doi = {10.1109/WACCPD.2014.6},
	Journal = {Proceedings of the First Workshop on Accelerator Programming Using Directives (WACCPD),},
	Pages = {27--36},
	Title = {XcalableACC: Extension of XcalableMP PGAS Language Using OpenACC for Accelerator Clusters},
	Volume = {New Orleans,},
	Year = {2014},
	Bdsk-Url-1 = {http://dx.doi.org/10.1109/WACCPD.2014.6}}

@misc{GASNET,
	Date-Added = {2015-07-02 06:33:09 +0000},
	Date-Modified = {2016-05-26 06:02:20 +0000},
	Howpublished = {http:{\slash}{\slash}gasnet.lbl.gov{\slash}dist{\slash}docs{\slash}gasnet.pdf, 2006},
	Title = {{LBNL FTG, U.C. Berkeley, G}ASNet Specification Version 1.8},
	Year = {accessed 16.03.09}}

@article{GTC-P1,
	Author = {Ethier, S and Adams, M and Carter, J and Oliker, L},
	Date-Modified = {2016-03-09 12:41:24 +0000},
	Doi = {10.1.1.185.4712},
	Journal = {Proceedings of the 9th International Meeting on High Performance Computing for Computational Science (VECPAR),},
	Oai = {oai:CiteSeerX.psu:10.1.1.185.4712},
	Pages = {1--9},
	Title = {Petascale Parallelization of the Gyrokinetic Toroidal Code},
	Volume = {California,},
	Year = {2010},
	Bdsk-Url-1 = {http://dx.doi.org/10.1.1.185.4712}}

@misc{HAPACS,
	Date-Modified = {2016-03-18 03:42:42 +0000},
	Howpublished = {http:{\slash}{\slash}www.ccs.tsukuba.ac.jp{\slash}eng{\slash}research-activities{\slash}projects{\slash}ha-pacs{\slash}},
	Title = {{Center for Computational Sciences, University of Tsukuba, H}A-PACS Project},
	Year = {accessed 16.03.09},
	Bdsk-Url-1 = {http://www.ccs.tsukuba.ac.jp/CCS/eng/research-activities/projects/ha-pacs/base-cluster.}}

@article{REFLECT,
	Author = {Hitoshi Murai and Mitsuhisa Sato},
	Date-Modified = {2016-05-24 13:56:51 +0000},
	Journal = {Proceedings of the 7th International Conference on PGAS Programming Models,},
	Month = {Oct},
	Pages = {1--15},
	Title = {An Efficient Implementation of Stencil Communication for the XcalableMP PGAS Parallel Programming Language},
	Volume = {Edinburgh,},
	Year = {2013}}

@misc{OMNI,
	Date-Added = {2015-07-01 06:21:59 +0000},
	Date-Modified = {2016-03-18 03:44:40 +0000},
	Howpublished = {http:{\slash}{\slash}omni-compiler.org{\slash}},
	Title = {{RIKEN AICS, University of Tsukuba, O}mni Compiler Project},
	Year = {accessed 16.03.09}}

@article{POLOIDAL,
	Author = {S Ethier and W M Tang and Z Lin},
	Date-Modified = {2016-03-09 13:28:46 +0000},
	Journal = {Journal of Physics: Conference Series,},
	Pages = {1--15},
	Title = {Gyrokinetic particle-in-cell simulations of plasma microturbulence on advanced computing platforms},
	Volume = {Vol. 16, No. 1,},
	Year = {2005}}

@article{NUGA,
	Author = {Hideo Nuga and Atsushi Fukuyama},
	Date-Added = {2015-07-01 06:13:53 +0000},
	Date-Modified = {2016-03-09 13:24:33 +0000},
	Journal = {PhD Thesis, Kyoto Univ,},
	Pages = {1--111},
	Title = {Kinetic Modeling of the Heating Processes in Tokamak Plasmas},
	Year = {2011}}

@misc{GTC,
	Date-Added = {2015-07-01 06:12:19 +0000},
	Date-Modified = {2016-03-18 03:44:20 +0000},
	Howpublished = {http:{\slash}{\slash}phoenix.ps.uci.edu{\slash}GTC{\slash}},
	Organization = {DoE SCiDAC, UC Irvine, etc.},
	Title = {{DoE SCiDAC, UC Irvine, etc., G}yrokinetic Toroidal Code},
	Year = {accessed 16.03.09}}

@article{ITER,
	Author = {Y. Shimomura and R. Aymar and V. Chuyanov and M. Huguet and R. Parker},
	Date-Modified = {2016-03-09 12:45:27 +0000},
	Journal = {Nuclear Fusion,},
	Pages = {1295--1308},
	Title = {ITER overview},
	Volume = {Vol. 39, No. 9Y, Vienna,},
	Year = {1999}}

@article{XMP3,
	Author = {Nakao, M. and Jinpil Lee and Boku, T. and Sato, M.},
	Date-Modified = {2016-03-09 12:40:48 +0000},
	Doi = {10.1109/CCGrid.2012.118},
	Journal = {Proceedings of the 12th IEEE/ACM International Symposium on Cluster, Cloud and Grid Computing (CCGrid),},
	Pages = {402--409},
	Title = {Productivity and Performance of Global-View Programming with XcalableMP PGAS Language},
	Volume = {Ottawa,},
	Year = {2012},
	Bdsk-Url-1 = {http://dx.doi.org/10.1109/CCGrid.2012.118}}

@article{XMP2,
	Author = {Jinpil Lee and Sato, M.},
	Date-Modified = {2016-03-09 12:39:21 +0000},
	Doi = {10.1109/ICPPW.2010.62},
	Journal = {Proceedings of the 39th International Conference on Parallel Processing Workshops (ICPPW),},
	Pages = {413--420},
	Title = {Implementation and Performance Evaluation of XcalableMP: A Parallel Programming Language for Distributed Memory Systems},
	Volume = {San Diego,},
	Year = {2010},
	Bdsk-Url-1 = {http://dx.doi.org/10.1109/ICPPW.2010.62}}

@misc{XMP1,
	Date-Added = {2015-07-01 05:42:40 +0000},
	Date-Modified = {2016-03-18 03:45:50 +0000},
	Howpublished = {http:{\slash}{\slash}www.xcalablemp.org{\slash}download{\slash}spec{\slash}xmp-spec-1.2.1.pdf, 2014},
	Title = {{XcalableMP Specification Working Group, X}calableMP Language Specification Version 1.2.1},
	Year = {accessed 16.03.09}}

@misc{UPC,
	Date-Added = {2015-07-01 05:10:19 +0000},
	Date-Modified = {2016-03-18 03:45:36 +0000},
	Howpublished = {https:{\slash}{\slash}upc-lang.org{\slash}assets{\slash}Uploads{\slash}spec{\slash}upc-lang-spec-1.3.pdf, 2013},
	Rating = {2},
	Title = {{UPC Consortium, U}PC Language Specifications V1.3},
	Year = {accessed 16.03.09}}

@article{COARRAYF,
	Author = {Numrich, Robert W. and Reid, John},
	Date-Modified = {2016-03-09 11:44:54 +0000},
	Doi = {10.1145/289918.289920},
	Journal = {SIGPLAN Fortran Forum,},
	Pages = {1--31},
	Title = {Co-array Fortran for Parallel Programming},
	Volume = {Vol. 17, No. 2, New York,},
	Year = {1998},
	Bdsk-Url-1 = {http://dx.doi.org/10.1145/289918.289920}}
