@manual{OpenMP,
author = "{OpenMP Architecture Review Board}",
title  = "{OpenMP} Application Program Interface",
note = {http://openmp.org}
}

@manual{OpenMP5,
author = "{OpenMP Architecture Review Board}",
title  = "{OpenMP} Application Program Interface {Version 5.0}",
year = 2018,
month = nov,
note = "\url{https://www.openmp.org/wp-content/uploads/OpenMP-API-Specification-5.0.pdf}"
}

@manual{XcalableMP,
author = "{XcalableMP Specification Working Group}",
title = "{XcalableMP} Language Specification",
note = "\url{http://www.xcalablemp.org}"
}

@manual{XcalableMP1_4,
author = "{XcalableMP Specification Working Group}",
title = "{XcalableMP} Language Specification {Version 1.4}",
year = 2018,
month = nov,
note = "\url{https://xcalablemp.org/download/spec/xmp-spec-1.4.pdf}"
}

@manual{X10,
author = "Vijay Saraswat and Bard Bloom and Igor Peshansky and Olivier Tardieu
and David Grove",
title = "{X10} Language Specification {Version 2.5}",
year = 2015,
note = "{http://x10-lang.org}"
}

@manual{X10_2_6_2,
author = "Vijay Saraswat and Bard Bloom and Igor Peshansky and Olivier Tardieu
and David Grove",
title = "{X10} Language Specification {Version 2.6.2}",
year = 2019,
month = jan,
note = "\url{http://x10.sourceforge.net/documentation/languagespec/x10-latest.pdf}"
}

@incollection{Chapel2015,
author = "Bradford L. Chamberlain",
title = "Chapel",
editor = "Pavan Balaji",
booktitle = "Programming Models for Parallel Computing",
publisher = "The {MIT} Press",
year = 2015,
chapter = 6
}

@misc{Chapel1_19,
author = "Cray Inc.",
title = "The {Chapel} Parallel Programming Language Version 1.19",
year = 2019,
note = "\url{http://chapel-lang.org}"
}

@manual{Fortran2008,
author = "{ISO/IEC JTC 1/SC 22/WG 5/N1830}",
title = "Fortran 2008 standard",
year = 2010
}

@manual{HPF,
	author	= "{{H}igh {P}erformance {F}ortran {F}orum}",
	title	= "{H}igh {P}erformance {F}ortran Language Specification (Ver. 2.0)",
	institution = "Rice University",
	year	= 1997,
	month	= jan
}

@manual{MPI,
author = "{{Message} {Passing} {Interface} {Forum}}",
title = "{MPI:} Message Passing Interface",
note = "{https://www.mpi-forum.org}"
}

@manual{MPI3_1,
author = "{{Message} {Passing} {Interface} {Forum}}",
title = "{MPI:} Message Passing Interface {Version 3.1}",
year = 2015,
month = jun,
note = "\url{https://www.mpi-forum.org/docs/mpi-3.1/mpi31-report.pdf}"
}

@manual{UPC,
author = "{UPC Consortium}",
title = "Berkeley {UPC} -- Unified Parallel {C}",
note = "\url{http://upc.lbl.gov}"
}

@manual{UPC2019,
author = "{UPC Consortium}",
title = "Berkeley {UPC} -- Unified Parallel {C} {Version 2019.4.2}",
year = 2019,
month = apr,
note = "\url{http://upc.lbl.gov}"
}
