% 2016/170125/14_158.pdf
@article{Matsushita-eJSSNT2016,
author = "Tomohiro Matsushita",
title = "Atomic Image Reconstruction from Atomic Resolution Holography Using {L_1}-regularized Linear Regression",
journal = "e-{JSSNT}",
volume = 14,
pages = {158--160},
year = 2016
}

% 2015/151215/zpch-2015-0652.pdf
@article{Matsushita-ZPhysChem2016,
author = "Tomohiro Matsushita and Atsushi Kubota and Naohisa Happo and
Kazuto Akagi and Natsuhiko Yoshinaga and Kouichi Hayashi",
title = "Fast Calculation Algorithm Using {Barton's} Method for Reconstructing
Three-Dimensional Atomic Images from {X-ray} Fluorescence Holograms",
journal = "Zeitschrift f$\ddot{u}$r Physicalishe Chemie",
volume = 230,
number = 4,
pages = "449--456",
publisher = "De Gruyter",
year = 2016,
month = apr
}

@inproceedings{Kubota-HPCS2015,
title = "蛍光{X}線ホログラムからの原子像再生の高速化",
author = "窪田 昌史 and 八方 直久 and 松下 智裕",
booktitle = "ハイパフォーマンスコンピューティングと計算科学シンポジウム(HPCS)予稿集",
pages = "95--95",
month = may,
year = 2015
}

@inproceedings{Kubota-HPCS2015-Eng,
title = "Performance Improvement of Atomic Image Reconstruction from {X}-ray
Fluorescence Holograms",
author = "Atsushi Kubota and Naohisa Happo and Tomohiro Matsushita",
booktitle = "Proc. High Performance Computing and Computational Science (HPCS)",
pages = "95--95",
month = may,
year = 2015,
note = "(in Japanese)"
}

@misc{Fukushima-HCU2015,
author = "福島 裕太",
title = "蛍光{X}線ホログラムからの原子像再生の高速化",
month = feb,
year = 2015,
note = "(広島市立大学情報科学部情報工学科卒業論文)",
}

% 2014/150126/2014_195_J.Electron.Spectrosc.Relat.Phenom._365.pdf
@article{Matsushita-JESRP2014,
author = "Tomohiro Matsushita and Fumihiko Matsui",
title = "Features of Atomic Images Reconstructed from Photoelectron,
{Auger} Electron, and Internal Detector Electron Holography using {SPEA-MEM}",
journal = "Journal of Electron Spectroscopy and Related Phenomena",
issue = {195},
pages = {365--374},
year = 2014,
publisher = "Elsevier B.V."
}

% 2015/150907/hayashi2013.pdf
@article{Hayashi-JSSRR2013,
title  = "蛍光{X}線ホログラフィーによる局所格子歪みの評価",
author = "林 好一 and 八方 直久 and 細川 伸也",
journal = "放射光",
volume = 26,
number = 4,
pages  = "195--205",
year   = 2013,
month  = jul
}

% 2015/150907/hayashi2013.pdf
@article{Hayashi-JSSRR2013-Eng,
title  = "Evaluation of Local Lattice Distortion by {X}-ray Fluorescence Holography",
author = "Kouichi Hayashi and Naohisa Happo and Shinya Hosokawa",
journal = "JSSRR",
volume = 26,
number = 4,
pages  = "195--205",
year   = 2013,
month  = jul,
note   = "(in Japanese)"
}

% 2014/150126/2010_178-179_J.Electron.Spectrosc.Relat.Phenom._195.pdf
@article{Matsushita-JESRP2010,
author = "Tomohiro Matsushita and Fumihiko Matsui and Hiroshi Daimon and
Kouichi Hayashi",
title = "Photoelectron Holography with Improved Image Reconstruction",
journal = "Journal of Electron Spectroscopy and Related Phenomena",
issue = {178-179},
pages = {195--220},
year = 2010,
publisher = "Elsevier B.V."
}

% 2014/150126/2008_78_Phys.Rev.B_144111.pdf
@article{Matsushita-PRB2008,
  title = {Reconstruction algorithm for atomic-resolution holography using translational symmetry},
  author = {Matsushita, Tomohiro and Guo, Fang and Suzuki, Motohiro and Matsui, Fumihiko and Daimon, Hiroshi and Hayashi, Kouichi},
journal = "Physical Review B",
  volume = {78},
  issue = {14},
  pages = {144111--144118},
  year = {2008},
  month = {Oct},
  publisher = {American Physical Society},
  doi = {10.1103/PhysRevB.78.144111},
  url = {http://link.aps.org/doi/10.1103/PhysRevB.78.144111}
}
%  journal = {Phys. Rev. B},
%  pages = {144111},
%  numpages = {8},

% 2017/170426/nakamura_master_thesis.pdf
@masterthesis{Nakamura-mthesis2008,
author = "中村 邦彦",
yomi = "Kunihiko Nakamura",
title = "蛍光X線ホログラフィー法の構造解析支援のためのソフトウェア開発",
school = "広島市立大学",
year = 2008,
month = feb
}

@masterthesis{Nakamura-mthesis2008-eng,
author = "Kunihiko Nakamura",
title = "Development of structure analysis support software
for {X-ray} fluorescence holography",
school = "Hiroshima City University",
year = 2008,
month = feb
}

% 2014/150107/PhysRevLett.67.3106.pdf
@article{Barton-PRL1991,
author = "John J. Barton",
title = "Removing Multiple Scattering and Twin Images from Holographic Images",
journal = "Physical Review Letters",
volume = 67,
number = 22,
pages = "3106--3109",
numpages = {4},
year = 1991,
month = nov,
publisher = {American Physical Society},
doi = {10.1103/PhysRevLett.67.3106},
url = {http://link.aps.org/doi/10.1103/PhysRevLett.67.3106}
}
%pages = "3106--3111",

% 2014/150107/PhysRevLett.61.1356.pdf
@article{Barton-PRL1988,
author = "John J. Barton",
title  = "Photoelectron Holography",
journal = "Physical Review Leters",
volume = 61,
number = 12,
pages = "1356--1359",
numpages = {4},
year = 1988,
month = sep,
publisher = {American Physical Society},
doi = {10.1103/PhysRevLett.61.1356},
url = {http://link.aps.org/doi/10.1103/PhysRevLett.61.1356}
}
%pages = "1356--1362",

@aritcle{Masuda-OpticsExpr2006,
title = "Computer Generated Holography Using a Graphics Processing Unit",
author = "Nobuyuki Masuda and Tomoyoshi Ito and Takashi Tanaka and Atsushi Shiraki and Takashige Sugie",
journal = "Optics Express",
volume = 14,
number = 2,
pages = "603--608",
publisher = "Optical Society of America",
year = 2006,
month = jan
}

@aritcle{Shimobaba-OpticsExpr2008,
title = "Real-time Digital Holographic Microscopy Using the Graphic Processing Unit",
author = "Tomoyoshi Shimobaba and Yoshikuni Sato and Junya Miura and Mai Takenouchi ane Tomoyoshi Ito",
journal = "Optics Express",
volume = 16,
number = 16,
pages = "11776--11781",
publisher = "Optical Society of America",
year = 2008,
month = aug
}